<record><leader>00000cas a22000007a 4500</leader><controlfield tag="001">14867394</controlfield><controlfield tag="008">861124d18501855pauwr ne      0    0eng d</controlfield><controlfield tag="009">3768</controlfield><datafield ind1=" " ind2=" " tag="010"><subfield code="a">sn 86053922 </subfield></datafield><datafield ind1=" " ind2=" " tag="040"><subfield code="a">NPX</subfield><subfield code="b">eng</subfield><subfield code="c">NPX</subfield><subfield code="d">NPH</subfield><subfield code="d">DLC</subfield><subfield code="d">NPH</subfield><subfield code="d">CNK</subfield></datafield><datafield ind1="1" ind2=" " tag="029"><subfield code="a">AU@</subfield><subfield code="b">000025797316</subfield></datafield><datafield ind1=" " ind2=" " tag="042"><subfield code="a">msc</subfield></datafield><datafield ind1="0" ind2="0" tag="050"><subfield code="a">Newspaper 9614</subfield></datafield><datafield ind1="0" ind2=" " tag="130"><subfield code="a">Elk County advocate (Ridgway, Pa. : 1850)</subfield></datafield><datafield ind1="0" ind2="4" tag="245"><subfield code="a">The Elk County advocate.</subfield></datafield><datafield ind1="0" ind2="0" tag="246"><subfield code="a">Elk advocate</subfield></datafield><datafield ind1=" " ind2=" " tag="260"><subfield code="a">Ridgway, Pa. :</subfield><subfield code="b">J. Powell,</subfield></datafield><datafield ind1=" " ind2=" " tag="300"><subfield code="a">v. ;</subfield><subfield code="c">59 cm.</subfield></datafield><datafield ind1=" " ind2=" " tag="310"><subfield code="a">Weekly</subfield></datafield><datafield ind1="0" ind2=" " tag="362"><subfield code="a">Vol. 1, no. 1 (Mar. 9, 1850)-</subfield></datafield><datafield ind1="1" ind2=" " tag="362"><subfield code="a">Ceased in 1855.</subfield><subfield code="z">Cf. Rossell, G.E.  Pa. newspapers.</subfield></datafield><datafield ind1=" " ind2=" " tag="500"><subfield code="a">"County" appears above masthead ornament in smaller type.</subfield></datafield><datafield ind1=" " ind2=" " tag="752"><subfield code="a">United States</subfield><subfield code="b">Pennsylvania</subfield><subfield code="c">Elk</subfield><subfield code="d">Ridgway.</subfield></datafield><datafield ind1="0" ind2="0" tag="785"><subfield code="t">Elk County reporter (Ridgway, Pa.)</subfield><subfield code="w">(OCoLC)13724565</subfield></datafield></record>